ISA*00*          *00*          *ZZ*PAYER          *ZZ*PROVIDER       *240120*1000*^*00501*000000004*0*P*:~
GS*HP*PAYER*PROVIDER*20240120*1000*4*X*005010X221A1~
ST*835*0004*005010X221A1~
BPR*I*200.00*C*ACH*CTX*01*999999999*DA*123456789**01*888888888*DA*987654321*20240120~
TRN*1*PYMT0001*9012345678~
DTM*405*20240120~
N1*PR*BLUE CROSS~
N3*PO BOX 12345~
N4*PAYMENT CITY*ST*54321~
N1*PE*SMITH MEDICAL GROUP*XX*1234567890~
LX*1~
CLP*CLM001*1*250.00*200.00**12*1234567890001*11~
NM1*QC*1*DOE*JOHN****MI*123456789~
SVC*HC:99213*250.00*200.00**1~
DTM*472*20240115~
CAS*CO*45*50.00~
SE*16*0004~
GE*1*4~
IEA*1*000000004~
